@book{cormen2009introduction,
  title={Introduction to algorithms},
  author={Cormen, Thomas H},
  year={2009},
  publisher={MIT press}
}
@article{glover1986future,
  title={Future paths for integer programming and links to artificial intelligence},
  author={Glover, Fred},
  journal={Computers \& operations research},
  volume={13},
  number={5},
  pages={533--549},
  year={1986},
  publisher={Elsevier}
}
@article{glover1989tabu1,
  title={Tabu search—part I},
  author={Glover, Fred},
  journal={ORSA Journal on computing},
  volume={1},
  number={3},
  pages={190--206},
  year={1989},
  publisher={INFORMS}
}

@article{glover1990tabu2,
  title={Tabu search—part II},
  author={Glover, Fred},
  journal={ORSA Journal on computing},
  volume={2},
  number={1},
  pages={4--32},
  year={1990},
  publisher={INFORMS}
}

@book{cormen2009introduction,
  title={Introduction to algorithms},
  author={Cormen, Thomas H},
  pages={253--280}
  year={2009},
  publisher={MIT press}
}

@article{hertz1987using,
  title={Using tabu search techniques for graph coloring},
  author={Hertz, Alain and de Werra, Dominique},
  journal={Computing},
  volume={39},
  number={4},
  pages={345--351},
  year={1987},
  publisher={Springer}
}

@article{galinier2006survey,
  title={A survey of local search methods for graph coloring},
  author={Galinier, Philippe and Hertz, Alain},
  journal={Computers \& Operations Research},
  volume={33},
  number={9},
  pages={2547--2562},
  year={2006},
  publisher={Elsevier}
}
@book{kubale2004graph,
  title={Graph colorings},
  author={Kubale, Marek},
  volume={352},
  year={2004},
  publisher={American Mathematical Soc.}
}
@article{leighton1979graph,
  title={A graph coloring algorithm for large scheduling problems},
  author={Leighton, Frank Thomson},
  journal={Journal of research of the national bureau of standards},
  volume={84},
  number={6},
  pages={489--506},
  year={1979}
}
@article{de1985introduction,
  title={An introduction to timetabling},
  author={de Werra, Dominique},
  journal={European journal of operational research},
  volume={19},
  number={2},
  pages={151--162},
  year={1985},
  publisher={Elsevier}
}
@article{gamst1986some,
  title={Some lower bounds for a class of frequency assignment problems},
  author={Gamst, Andreas},
  journal={IEEE transactions on vehicular technology},
  volume={35},
  number={1},
  pages={8--14},
  year={1986},
  publisher={IEEE}
}
@article{chaitin1981register,
  title={Register allocation via coloring},
  author={Chaitin, Gregory J and Auslander, Marc A and Chandra, Ashok K and Cocke, John and Hopkins, Martin E and Markstein, Peter W},
  journal={Computer languages},
  volume={6},
  number={1},
  pages={47--57},
  year={1981},
  publisher={Elsevier}
}
@article{chow1990priority,
  title={The priority-based coloring approach to register allocation},
  author={Chow, Fred C and Hennessy, John L},
  journal={ACM Transactions on Programming Languages and Systems (TOPLAS)},
  volume={12},
  number={4},
  pages={501--536},
  year={1990},
  publisher={ACM}
}
@article{garey1976application,
  title={An application of graph coloring to printed circuit testing},
  author={Garey, Michael and Johnson, David and So, Hing},
  journal={IEEE Transactions on circuits and systems},
  volume={23},
  number={10},
  pages={591--599},
  year={1976},
  publisher={IEEE}
}
@article{minton1992minimizing,
  title={Minimizing conflicts: a heuristic repair method for constraint satisfaction and scheduling problems},
  author={Minton, Steven and Johnston, Mark D and Philips, Andrew B and Laird, Philip},
  journal={Artificial Intelligence},
  volume={58},
  number={1-3},
  pages={161--205},
  year={1992},
  publisher={Elsevier}
}
@article{johnson1991optimization,
  title={Optimization by simulated annealing: an experimental evaluation; part II, graph coloring and number partitioning},
  author={Johnson, David S and Aragon, Cecilia R and McGeoch, Lyle A and Schevon, Catherine},
  journal={Operations research},
  volume={39},
  number={3},
  pages={378--406},
  year={1991},
  publisher={INFORMS}
}
@misc{trudeau1993introduction,
  title={Introduction to Graph Theory (Corrected, enlarged republication. ed.)},
  author={Trudeau, Richard J},
  year={1993},
  publisher={New York: Dover Pub}
}
@misc{dimacs,
  title = {Clique and Coloring Problems Graph Format},
  howpublished = {\url{http://www.or.uni-bonn.de/lectures/ss12/praktikum/ccformat.pdfl}},
  year = {1993}
}
@article{galinier1999hybrid,
  title={Hybrid evolutionary algorithms for graph coloring},
  author={Galinier, Philippe and Hao, Jin-Kao},
  journal={Journal of combinatorial optimization},
  volume={3},
  number={4},
  pages={379--397},
  year={1999},
  publisher={Springer}
}
@book{johnson1996cliques,
  title={Cliques, coloring, and satisfiability: second DIMACS implementation challenge, October 11-13, 1993},
  author={Johnson, David S and Trick, Michael A},
  volume={26},
  year={1996},
  publisher={American Mathematical Soc.}
}

 
@misc{graph1,
  title = {Graph Coloring Instances},
  howpublished = {\url{http://mat.gsia.cmu.edu/COLOR/instances.html}},
  note = {Accessed: 2017-01-14}
}
@misc{graph2,
  title = {DIMACS Graphs: Benchmark Instances and Best Upper Bounds},
  howpublished = {\url{http://www.info.univ-angers.fr/pub/porumbel/graphs/}},
  note = {Accessed: 2017-01-14}
}
@misc{ic2,
  title = {IC2 - Hardware and Architecture},
  howpublished = {\url{https://wiki.scc.kit.edu/hpc/index.php/IC2_-_Hardware_and_Architecture\#Architecture_of_IC2}},
  note = {Accessed: 2017-02-09}
}

@article{johnson1991optimization,
  title={Optimization by simulated annealing: an experimental evaluation; part II, graph coloring and number partitioning},
  author={Johnson, David S and Aragon, Cecilia R and McGeoch, Lyle A and Schevon, Catherine},
  journal={Operations research},
  volume={39},
  number={3},
  pages={378--406},
  year={1991},
  publisher={INFORMS}
}
@article{leighton1979graph,
  title={A graph coloring algorithm for large scheduling problems},
  author={Leighton, Frank Thomson},
  journal={Journal of research of the national bureau of standards},
  volume={84},
  number={6},
  pages={489--506},
  year={1979}
}
@inproceedings{stutzle1997max,
  title={MAX-MIN ant system and local search for the traveling salesman problem},
  author={Stutzle, Thomas and Hoos, Holger},
  booktitle={Evolutionary Computation, 1997., IEEE International Conference on},
  pages={309--314},
  year={1997},
  organization={IEEE}
}
@article{zhang2004configuration,
  title={Configuration landscape analysis and backbone guided local search.: Part I: Satisfiability and maximum satisfiability},
  author={Zhang, Weixiong},
  journal={Artificial Intelligence},
  volume={158},
  number={1},
  pages={1--26},
  year={2004},
  publisher={Elsevier}
}
@misc{Trickalgorithm,
  title = {Trick's graph coloring algorithm },
  howpublished = {\url{http://mat.gsia.cmu.edu/COLOR/color.html}},
  note = {Accessed: 2017-03-8}
}
@misc{Dalgorithm,
  title = {Source code of DSATUR and PASS },
  howpublished = {\url{http://www.lamsade.dauphine.fr/coloring/doku.php}},
  note = {Accessed: 2017-03-8}
}
@article{san2012new,
  title={A new DSATUR-based algorithm for exact vertex coloring},
  author={San Segundo, Pablo},
  journal={Computers \& Operations Research},
  volume={39},
  number={7},
  pages={1724--1733},
  year={2012},
  publisher={Elsevier}
}
@article{brelaz1979new,
  title={New methods to color the vertices of a graph},
  author={Br{\'e}laz, Daniel},
  journal={Communications of the ACM},
  volume={22},
  number={4},
  pages={251--256},
  year={1979},
  publisher={ACM}
}

@misc{gary1979computers,
  title={Computers and Intractability: A Guide to the Theory of NP-completeness},
  author={Gary, Michael R and Johnson, David S},
  year={1979},
  publisher={WH Freeman and Company, New York}
}

@misc{SMAC,
  title = {SMAC: Sequential Model-based Algorithm Configuration},
  howpublished = {\url{http://www.cs.ubc.ca/labs/beta/Projects/SMAC/}},
  note = {Accessed: 2017-03-10}
}


