@inproceedings{cook1971complexity,
  title={The complexity of theorem-proving procedures},
  author={Cook, Stephen A},
  booktitle={Proceedings of the third annual ACM symposium on Theory of computing},
  pages={151--158},
  year={1971},
  organization={ACM}
}

@article{clarke2001bounded,
  title={Bounded model checking using satisfiability solving},
  author={Clarke, Edmund and Biere, Armin and Raimi, Richard and Zhu, Yunshan},
  journal={Formal methods in system design},
  volume={19},
  number={1},
  pages={7--34},
  year={2001},
  publisher={Springer}
}
@article{ivanvcic2008efficient,
  title={Efficient SAT-based bounded model checking for software verification},
  author={Ivan{\v{c}}i{\'c}, Franjo and Yang, Zijiang and Ganai, Malay K and Gupta, Aarti and Ashar, Pranav},
  journal={Theoretical Computer Science},
  volume={404},
  number={3},
  pages={256--274},
  year={2008},
  publisher={Elsevier}
}
@inproceedings{kautz1999unifying,
  title={Unifying SAT-based and graph-based planning},
  author={Kautz, Henry and Selman, Bart},
  booktitle={IJCAI},
  volume={99},
  pages={318--325},
  year={1999}
}
@article{mann2017guiding,
  title={Guiding SAT solving by formula partitioning},
  author={Mann, Zolt{\'a}n {\'A}d{\'a}m and Papp, P{\'a}l Andr{\'a}s},
  journal={International Journal on Artificial Intelligence Tools},
  volume={26},
  number={04},
  pages={1750011},
  year={2017},
  publisher={World Scientific}
}
@incollection{balint2016engineering,
  title={Engineering a Lightweight and Efficient Local Search SAT Solver},
  author={Balint, Adrian and Sch{\"o}ning, Uwe},
  booktitle={Algorithm Engineering},
  pages={1--18},
  year={2016},
  publisher={Springer}
}

@article{balyo2017proceedings,
  title={Proceedings of SAT Competition 2017: Solver and Benchmark Descriptions},
  author={Balyo, Tomas and Heule, Marijn JH and Jaervisalo, Matti},
  year={2017},
  publisher={University of Helsinki, Department of Computer Science}
}
@article{kirkpatrick1983optimization,
  title={Optimization by simulated annealing},
  author={Kirkpatrick, Scott and Gelatt, C Daniel and Vecchi, Mario P},
  journal={science},
  volume={220},
  number={4598},
  pages={671--680},
  year={1983},
  publisher={American Association for the Advancement of Science}
}
@inproceedings{hoos2002adaptive,
  title={An adaptive noise mechanism for WalkSAT},
  author={Hoos, Holger H and others},
  booktitle={AAAI/IAAI},
  pages={655--660},
  year={2002}
}
@article{biere2014yet,
  title={Yet another local search solver and lingeling and friends entering the SAT competition 2014},
  author={Biere, Armin},
  journal={SAT Competition},
  volume={2014},
  number={2},
  pages={65},
  year={2014}
}

@article{lisolving,
  title={Solving the Graph Coloring Problem with Cooperative Local Search},
  author={Li, Guangping}
}

@inproceedings{johnson1990local,
  title={Local optimization and the traveling salesman problem},
  author={Johnson, David S},
  booktitle={International colloquium on automata, languages, and programming},
  pages={446--461},
  year={1990},
  organization={Springer}
}

@article{galinier2006survey,
  title={A survey of local search methods for graph coloring},
  author={Galinier, Philippe and Hertz, Alain},
  journal={Computers \& Operations Research},
  volume={33},
  number={9},
  pages={2547--2562},
  year={2006},
  publisher={Elsevier}
}
